<?xml version="1.0" encoding="UTF-8" ?><marc:collection xmlns:marc="http://www.loc.gov/MARC21/slim" xmlns:xsi="http://www.w3.org/2001/XMLSchema-instance" xsi:schemaLocation="http://www.loc.gov/MARC21/slim http://www.loc.gov/standards/marcxml/schema/MARC21slim.xsd">
<marc:record><marc:leader>03024cam a2200433Ii 4500</marc:leader>
<marc:controlfield tag="001">b12167101</marc:controlfield>
<marc:controlfield tag="003">UaCaAUL</marc:controlfield><marc:controlfield tag="005">20190228031101.0</marc:controlfield><marc:controlfield tag="008">981221s1883    ua            000 0 ara d</marc:controlfield><marc:datafield tag="035" ind1=" " ind2=" "><marc:subfield code="a">(OCoLC)60506176</marc:subfield></marc:datafield><marc:datafield tag="040" ind1=" " ind2=" "><marc:subfield code="a">MEAUC</marc:subfield><marc:subfield code="b">eng</marc:subfield><marc:subfield code="e">rda</marc:subfield><marc:subfield code="c">MEAUC</marc:subfield><marc:subfield code="d">OCLCG</marc:subfield><marc:subfield code="d">OCLCA</marc:subfield><marc:subfield code="d">OCLCQ</marc:subfield><marc:subfield code="d">OCLCO</marc:subfield><marc:subfield code="d">OCLCF</marc:subfield><marc:subfield code="d">OCLCO</marc:subfield><marc:subfield code="d">MEAUC</marc:subfield></marc:datafield><marc:datafield tag="049" ind1=" " ind2=" "><marc:subfield code="a">MAIN</marc:subfield></marc:datafield><marc:datafield tag="050" ind1=" " ind2="4"><marc:subfield code="a">PJ6161</marc:subfield><marc:subfield code="b">.B5 1883</marc:subfield></marc:datafield><marc:datafield tag="066" ind1=" " ind2=" "><marc:subfield code="c">(3</marc:subfield></marc:datafield><marc:datafield tag="090" ind1=" " ind2=" "><marc:subfield code="a">PJ6161</marc:subfield><marc:subfield code="b">.B5 1883</marc:subfield></marc:datafield><marc:datafield tag="100" ind1="1" ind2=" "><marc:subfield code="6">880-01</marc:subfield><marc:subfield code="a">Basyūnī, Muḥammad ʻAlī,</marc:subfield><marc:subfield code="d">-1892 or 1893.</marc:subfield></marc:datafield><marc:datafield tag="240" ind1="1" ind2="0"><marc:subfield code="6">880-02</marc:subfield><marc:subfield code="a">Ḥusn al-ṣanīʻ fī ʻilm al-maʻānī wa-al-bayān wa-al-badīʻ</marc:subfield></marc:datafield><marc:datafield tag="245" ind1="1" ind2="0"><marc:subfield code="6">880-03</marc:subfield><marc:subfield code="a">Kitāb ḥusn al-ṣanīʻ fī ʻilm al-maʻānī wa-al-bayān wa-al-badīʻ /</marc:subfield><marc:subfield code="c">li-jāmiʻihi ḥaḍrat al-ʻallāmah al-fāḍil al-Shaykh Muḥammad al-Basyūnī al-Baybānī, nafaʻa Allāh bihi al-ṭālibīn, āmīn.</marc:subfield></marc:datafield><marc:datafield tag="246" ind1="3" ind2="0"><marc:subfield code="a">Ḥusn al-ṣanīʻ fī ʻilm al-maʻānī wa-al-bayān wa-al-badīʻ</marc:subfield></marc:datafield><marc:datafield tag="250" ind1=" " ind2=" "><marc:subfield code="6">880-04</marc:subfield><marc:subfield code="a">al-Ṭabʻah al-ūlá.</marc:subfield></marc:datafield><marc:datafield tag="264" ind1=" " ind2="1"><marc:subfield code="6">880-05</marc:subfield><marc:subfield code="a">[Cairo] :</marc:subfield><marc:subfield code="b">bi-Maṭbaʻat Dīwān ʻUmūm al-Maʻārif bi-Sarāy Darb al-Jamāmīz, ʻalá ṣāḥibihā afḍal al-ṣalātu wa-azká al-taḥīyah,</marc:subfield><marc:subfield code="c">1301 Hijrīyah [1883 Mīlādīyah]</marc:subfield></marc:datafield><marc:datafield tag="264" ind1=" " ind2="1"><marc:subfield code="6">880-05</marc:subfield><marc:subfield code="a">[Cairo] :</marc:subfield><marc:subfield code="b">bi-Maṭbaʻat Dīwān ʻUmūm al-Maʻārif bi-Sarāy Darb al-Jamāmīz, ʻalá ṣāḥibihā afḍal al-ṣalātu wa-azká al-taḥīyah,</marc:subfield><marc:subfield code="c">1301 Hijrīyah [1883 Mīlādīyah]</marc:subfield></marc:datafield><marc:datafield tag="300" ind1=" " ind2=" "><marc:subfield code="a">236 pages ;</marc:subfield><marc:subfield code="c">19 cm.</marc:subfield></marc:datafield><marc:datafield tag="336" ind1=" " ind2=" "><marc:subfield code="a">text</marc:subfield><marc:subfield code="b">txt</marc:subfield><marc:subfield code="2">rdacontent.</marc:subfield></marc:datafield><marc:datafield tag="337" ind1=" " ind2=" "><marc:subfield code="a">unmediated</marc:subfield><marc:subfield code="b">n</marc:subfield><marc:subfield code="2">rdamedia.</marc:subfield></marc:datafield><marc:datafield tag="338" ind1=" " ind2=" "><marc:subfield code="a">volume</marc:subfield><marc:subfield code="b">nc</marc:subfield><marc:subfield code="2">rdacarrier.</marc:subfield></marc:datafield><marc:datafield tag="500" ind1=" " ind2=" "><marc:subfield code="6">880-06</marc:subfield><marc:subfield code="a">Lā yajūz li-aḥad ṭabʻ hādhā al-kitāb muṭlaqan bi-dūni idhn Niẓārat al-Maʻārif wa-man tajārá ʻalá dhalika yujāzá ʻalá ḥasab qānūn al-maṭbūʻāt.</marc:subfield></marc:datafield><marc:datafield tag="590" ind1=" " ind2=" "><marc:subfield code="a">AUC copy has Niẓārat al-Maʻārif stamp on title page.</marc:subfield></marc:datafield><marc:datafield tag="650" ind1=" " ind2="0"><marc:subfield code="a">Arabic language</marc:subfield><marc:subfield code="x">Rhetoric.</marc:subfield></marc:datafield><marc:datafield tag="880" ind1="1" ind2=" "><marc:subfield code="6">100-01/(3/r</marc:subfield><marc:subfield code="a">بسيوني، محمد علي،‪</marc:subfield><marc:subfield code="d">-1892 أو 1893.</marc:subfield></marc:datafield><marc:datafield tag="880" ind1="1" ind2="0"><marc:subfield code="6">240-02/(3/r</marc:subfield><marc:subfield code="a">حسن الصنيع فى علم المعانى والبيان والبديع.</marc:subfield></marc:datafield><marc:datafield tag="880" ind1="1" ind2="0"><marc:subfield code="6">245-03/(3/r</marc:subfield><marc:subfield code="a">كتاب حسن الصنيع في علم المعاني والبيان والبديع /‪</marc:subfield><marc:subfield code="c">لجامعه حضرة العلامة الفاضل الشيخ محمد البسيوني البيباني، نفع الله به الطالين، آمين..</marc:subfield></marc:datafield><marc:datafield tag="880" ind1=" " ind2=" "><marc:subfield code="6">250-04/(3/r</marc:subfield><marc:subfield code="a">الطبعة الأولى..</marc:subfield></marc:datafield><marc:datafield tag="880" ind1=" " ind2="1"><marc:subfield code="6">264-05/(3/r</marc:subfield><marc:subfield code="a">[Cairo] :</marc:subfield><marc:subfield code="b">بمطبعة ديوان عموم المعارف بسراي درب الجماميز، على صاحبها أفضل الصلاة وأزكى التحية،‪</marc:subfield><marc:subfield code="c">1301 هجرية [1883 ميلادية]</marc:subfield></marc:datafield><marc:datafield tag="880" ind1=" " ind2=" "><marc:subfield code="6">500-06/(3/r</marc:subfield><marc:subfield code="a">لا يجوز لاحد طبع هذا الكتاب مطلقا بدون اذن نظارة المعارف ومن تجارى على ذلك يجازى على حسب قانون المطبوعات..</marc:subfield></marc:datafield><marc:datafield tag="907" ind1=" " ind2=" "><marc:subfield code="a">.b12167101</marc:subfield><marc:subfield code="b">main </marc:subfield></marc:datafield><marc:datafield tag="902" ind1=" " ind2=" "><marc:subfield code="a">190304</marc:subfield></marc:datafield><marc:datafield tag="998" ind1=" " ind2=" "><marc:subfield code="b">1</marc:subfield><marc:subfield code="c">981223</marc:subfield><marc:subfield code="d">m</marc:subfield><marc:subfield code="e">a</marc:subfield><marc:subfield code="f">-</marc:subfield><marc:subfield code="g">0</marc:subfield><marc:subfield code="k">TA</marc:subfield></marc:datafield><marc:datafield tag="945" ind1=" " ind2=" "><marc:subfield code="l">main </marc:subfield></marc:datafield></marc:record>
</marc:collection>
